<record><leader>00000cas a2200000 a 4500</leader><controlfield tag="001">13685689</controlfield><controlfield tag="008">860604d18831920mouwr ne      0    0ger d</controlfield><datafield ind1=" " ind2=" " tag="010"><subfield code="a">sn 86063604 </subfield></datafield><datafield ind1=" " ind2=" " tag="040"><subfield code="a">KSH</subfield><subfield code="b">eng</subfield><subfield code="c">KSH</subfield><subfield code="d">NPT</subfield><subfield code="d">MQN</subfield><subfield code="d">OCL</subfield><subfield code="d">OCLCQ</subfield><subfield code="d">OCLCF</subfield><subfield code="d">OCLCO</subfield><subfield code="d">OCLCA</subfield></datafield><datafield ind1="1" ind2=" " tag="029"><subfield code="a">AU@</subfield><subfield code="b">000022168569</subfield></datafield><datafield ind1=" " ind2=" " tag="042"><subfield code="a">msc</subfield></datafield><datafield ind1=" " ind2=" " tag="043"><subfield code="a">n-us-mo</subfield></datafield><datafield ind1="0" ind2=" " tag="130"><subfield code="a">Kansas City Presse (Kansas City, Mo. : Weekly)</subfield></datafield><datafield ind1="1" ind2="0" tag="245"><subfield code="a">Kansas City Presse.</subfield></datafield><datafield ind1=" " ind2=" " tag="260"><subfield code="a">Kansas City, Mo. :</subfield><subfield code="b">Kansas City Press Pub. Co.,</subfield><subfield code="c">-1920.</subfield></datafield><datafield ind1=" " ind2=" " tag="300"><subfield code="a">v. :</subfield><subfield code="b">ill. ;</subfield><subfield code="c">55 cm.</subfield></datafield><datafield ind1=" " ind2=" " tag="310"><subfield code="a">Weekly</subfield></datafield><datafield ind1="1" ind2=" " tag="362"><subfield code="a">Began in 1883.</subfield><subfield code="z">Cf. Ayer, 1907.</subfield></datafield><datafield ind1="0" ind2=" " tag="362"><subfield code="a">-62. Jahrg. (28. Apr., 1920).</subfield></datafield><datafield ind1=" " ind2=" " tag="515"><subfield code="a">Apr. 29, 1920 misprinted as Apr. 28, 1920 on masthead.</subfield></datafield><datafield ind1=" " ind2=" " tag="588"><subfield code="a">Description based on: Jahrg. 60, Nr. 29 (18 Juli 1918).</subfield></datafield><datafield ind1=" " ind2="0" tag="650"><subfield code="a">Germans</subfield><subfield code="z">Missouri</subfield><subfield code="v">Newspapers.</subfield></datafield><datafield ind1=" " ind2="7" tag="655"><subfield code="a">Newspapers.</subfield><subfield code="2">fast</subfield><subfield code="0">(OCoLC)fst01423814</subfield></datafield><datafield ind1=" " ind2="7" tag="650"><subfield code="a">Germans.</subfield><subfield code="2">fast</subfield><subfield code="0">(OCoLC)fst00942100</subfield></datafield><datafield ind1=" " ind2="7" tag="651"><subfield code="a">Missouri.</subfield><subfield code="2">fast</subfield><subfield code="0">(OCoLC)fst01204724</subfield></datafield><datafield ind1=" " ind2=" " tag="752"><subfield code="a">United States</subfield><subfield code="b">Missouri</subfield><subfield code="c">Jackson</subfield><subfield code="d">Kansas City.</subfield></datafield><datafield ind1="0" ind2=" " tag="775"><subfield code="t">Kansas City Presse (Kansas City, Mo. : Daily)</subfield><subfield code="w">(DLC)sn 90061563</subfield></datafield><datafield ind1="0" ind2="5" tag="780"><subfield code="t">Missouri Staats-Zeitung (Kansas City, Mo.)</subfield><subfield code="w">(DLC)sn 85032368</subfield></datafield><datafield ind1="0" ind2="7" tag="785"><subfield code="t">St. Joseph Volksblatt (Saint Joseph, Mo. : Weekly)</subfield></datafield><datafield ind1="0" ind2="7" tag="785"><subfield code="t">Kansas City Presse und St. Joseph Volksblatt</subfield><subfield code="w">(DLC)sn 86063605</subfield></datafield></record>